
@misc{evgrafov2004topology,
  author = {Evgrafov, A.},
  title = {Topology optimization of Navier-Stokes equations},
  howpublished = {\url{https://www.semanticscholar.org/paper/Topology-Optimization-of-Navier-Stokes-Equations-Evgrafov/c07ff8c44d5a24a9e6ff7dfec6ae8a42d93b054d}},
  month = december,
  year = {2004},
}

@article{fillingham2022noaa,
  author = {Fillingham, J. and Harrington, A. and Deehan, M. and Renta, I. and Gugliotti, E. and Matlock, G. and Bayler, E. and Davis, S. and Ghirardelli, J. and Grasso, M. and Harmon, M. and Liddel, M. and Marshak, A. and Arzayus, F. and Newcomb, L. and Wielgus, J. and Schepel, K. and Schattel, J. and Yencho, M.},
  title = {NOAA science report},
  year = {2022},
  howpublished = {\url{https://doi.org/10.25923vsa1-gg59}},
}

@article{roussel2021modeling,
  author = {Roussel, Y. and Gaudreau, S. F. and Kacer, E. R. and Sengupta, M. and Bui, T. V.},
  title = {Modeling spinal locomotor circuits for movements in developing zebrafish},
  journal = {eLife},
  volume = {10},
  pages = {e67453},
  year = {2021},
  howpublished = {\url{https://doi.org/10.7554/eLife.67453}},
}

@article{qin2022signaling,
  author = {Qin, C. and Yang, S. and Chu, Y.-H. and Zhang, H. and Pang, X.-W. and Chen, L. and Zhou, L.-Q. and Chen, M. and Tian, D.-S. and Wang, W.},
  title = {Signaling pathways involved in ischemic stroke: Molecular mechanisms and therapeutic interventions},
  journal = {Nature News},
  year = {2022},
  month = july,
  day = {6},
  howpublished = {\url{https://www.nature.com/articles/s41392-022-01064-1}},
}

@article{queralta2019fpga,
  author = {Queralta, J. P. and Yuhong, F. and Salomaa, L. and Qingqing, L. and Gia, T. N. and Zou, Z. and Tenunen, H. and Westerlund, T.},
  title = {FPGA-based architecture for a low-cost 3D lidar design and ...},
  journal = {IEEE Xplore},
  year = {2019},
  month = october,
  howpublished = {\url{https://ieeexplore.ieee.org/abstract/document/8956928/}},
}